<record><leader>00000cas a22000007a 4500</leader><controlfield tag="001">25856304</controlfield><controlfield tag="008">920521d18881890riuwr ne      0    0eng d</controlfield><datafield ind1=" " ind2=" " tag="010"><subfield code="a">sn 92064066 </subfield></datafield><datafield ind1=" " ind2=" " tag="040"><subfield code="a">RHN</subfield><subfield code="b">eng</subfield><subfield code="c">RHN</subfield><subfield code="d">OCLCQ</subfield></datafield><datafield ind1=" " ind2=" " tag="042"><subfield code="a">msc</subfield></datafield><datafield ind1="0" ind2=" " tag="130"><subfield code="a">Wickford standard (Wickford, R.I. : 1888)</subfield></datafield><datafield ind1="1" ind2="0" tag="245"><subfield code="a">Wickford standard.</subfield></datafield><datafield ind1=" " ind2=" " tag="260"><subfield code="a">Wickford, R.I. :</subfield><subfield code="b">Coggeshall &amp; Gardiner</subfield></datafield><datafield ind1=" " ind2=" " tag="300"><subfield code="a">v.</subfield></datafield><datafield ind1=" " ind2=" " tag="310"><subfield code="a">Weekly</subfield></datafield><datafield ind1="0" ind2=" " tag="362"><subfield code="a">Vol. 1, no. 1 (Aug. 4, 1888)-v. 1, no. 52 (July 26, 1890).</subfield></datafield><datafield ind1=" " ind2="4" tag="651"><subfield code="a">North Kingstown (R.I. : Town)</subfield><subfield code="v">Newspapers.</subfield></datafield><datafield ind1=" " ind2=" " tag="752"><subfield code="a">United States</subfield><subfield code="b">Rhode Island</subfield><subfield code="c">Washington</subfield><subfield code="d">Wickford.</subfield></datafield><datafield ind1="0" ind2="0" tag="785"><subfield code="t">Standard (Wickford, R.I. : 1890)</subfield><subfield code="w">(DLC)sn 92064067</subfield></datafield><datafield ind1="1" ind2=" " tag="029"><subfield code="a">AU@</subfield><subfield code="b">000020748833</subfield></datafield></record>